@Book{knuth:84,
  author = 	 {Donald E. Knuth},
  title = 	 {The {\TeX} Book},
  publisher = 	 {Addison-Wesley},
  year = 	 {1984},
  edition = 	 {15th}
}

@Book{buduma,
  author = 	 {Nikhil Buduma},
  title = 	 {Fundamentals of Deep Learning},
  publisher = 	 {O’Reilly Media, Inc.},
  year = 	 {2017},
  address = {Estados Unidos}
}

@Book{chollet,
  author = 	 {François Chollet},
  title = 	 {Deep Learning with Python},
  publisher = 	 {Manning Publications Co.},
  year = 	 {2017},
  address = {Shelter Island, NY}
}

@Book{goodfellow,
  author = 	 {Ian Goodfellow and Yoshua Bengio and Aaron Courville},
  title = 	 {Deep Learning},
  publisher = 	 {MIT press},
  year = 	 {2016}
}

@Book{gulli,
  author = 	 {Antonio Gulli and Sujit Pal},
  title = 	 {Deep Learning with Keras},
  publisher = 	 {Packt	Publishing},
  year = 	 {2017},
  address = {Birmingham, UK}
}

@Book{khan,
  author = 	 {Salma Khan and Hossein Rahmani and Syed Afaq Ali Shah and Mohammed Bennamoun},
  title = 	 {A Guide to Convolutional Neural Networks for Computer Vision},
  publisher = 	 {Morgan {\&} Claypool},
  year = 	 {2018},
  address = {Austrália}
}

@Book{murphy,
  author = 	 {Kevin P. Murphy},
  title = 	 {Machine Learning: A Probabilistic Perspective},
  publisher = 	 {The MIT Press},
  year = 	 {2012},
  address = {Cambridge, Massachussets}
}

@InCollection{boulic:91,
  author = 	 {R. Boulic and O. Renault},
  title = 	 {3D Hierarchies for Animation},
  booktitle = 	 {New Trends in Animation and Visualization},
  publisher =    {John Wiley {\&} Sons ltd.},
  year = 	 {1991},
  editor = 	 {Nadia Magnenat-Thalmann and Daniel Thalmann}
}

@InCollection{smith:99,
  author = 	 {A. Smith and B. Jones},
  title = 	 {On the Complexity of Computing},
  booktitle = 	 {Advances in Computer Science},
  pages = 	 {555--566},
  publisher =    {Publishing Press},
  year = 	 {1999},
  editor = 	 {A. B. Smith-Jones}
}
