% This file was created with JabRef 2.5.
% Encoding: Cp1252

@ARTICLE{Deutsch:Circuitos,
  author = {David Deutsch},
  title = {Quantum Computational Networks},
  journal = {Proc. R. Soc. London {A}},
  year = {1989},
  volume = {425},
  pages = {73-90},
  owner = {elloa},
  timestamp = {2010.05.27}
}

@ARTICLE{Deutsch:QuantumTheory,
  author = {David Deutsch},
  title = {Quantum {T}heory, the {C}hurch-{T}uring {P}rinciple and the {U}niversal
	{Q}uantum {C}omputer},
  journal = {Proceedings of the Royal Society of London A},
  year = {1985},
  volume = {400},
  pages = {97-117},
  owner = {elloa},
  timestamp = {2010.01.26}
}

@ARTICLE{Bennett:QuantumInformationSurvey,
  author = {Charles H. Bennett and Peter W. Shor},
  title = {Quantum Information Theory},
  journal = {{IEEE} Transactions on Information Theory},
  year = {1998},
  volume = {44},
  number = {6},
  pages = {2724-2742},
  owner = {elloa}
}

@BOOK{Davidson:CStarAlgebras,
  AUTHOR =       {K. Davidson},
  address =      {Rhode Island, Estados Unidos},
  title =        {$C^{\ast}$-algebras by example},
  PUBLISHER =    {Fields Institute Monographs, Amer. Math. Soc.},
  YEAR =         {1996}
}

@INPROCEEDINGS{Rex:ZeroErrorDFS,
 author={R.A. Medeiros and R. Alleaume and G. Cohen and F. M. {DE ASSIS}},
 booktitle = {{IEEE} International Telecommunications Symposium},
 title={Zero-error capacity of quantum channels and noiseless subsystems},
 year={2006},
 pages={900-905},
 address = {Fortaleza, Cear�, Brasil},
 publisher = {{IEEE} Press}
}

@BOOK{Chuang:Biblia,
  author = {Michael A. Nielsen and Isaac L. Chuang},
  title = {Quantum Computation and Quantum Information},
  publisher = {Cambridge University Press},
  year = {2010},
  address = {Cambridge, Inglaterra},
  owner = {elloa},
  timestamp = {2007.12.17}
}

@BOOK{Williams:Explorations2nd,
  title = {Explorations in Quantum Computing},
  publisher = {Springer},
  year = {2011},
  editor = {Springer},
  author = {Colin P. Williams},
  edition = {2},
  address = {Calif�rnia, Estados Unidos},
  owner = {elloa},
  timestamp = {2011.09.03}
}

@Book{knuth:84,
  author = 	 {Donald E. Knuth},
  title = 	 {The {\TeX} Book},
  publisher = 	 {Addison-Wesley},
  year = 	 {1984},
  edition = 	 {15th}
}

@Book{buduma,
  author = 	 {Nikhil Buduma},
  title = 	 {Fundamentals of Deep Learning},
  publisher = 	 {O’Reilly Media, Inc.},
  year = 	 {2017},
  address = {Estados Unidos}
}

@Book{chollet,
  author = 	 {François Chollet},
  title = 	 {Deep Learning with Python},
  publisher = 	 {Manning Publications Co.},
  year = 	 {2017},
  address = {Shelter Island, NY}
}

@Book{goodfellow,
  author = 	 {Ian Goodfellow and Yoshua Bengio and Aaron Courville},
  title = 	 {Deep Learning},
  publisher = 	 {MIT press},
  year = 	 {2016}
}

@Book{gulli,
  author = 	 {Antonio Gulli and Sujit Pal},
  title = 	 {Deep Learning with Keras},
  publisher = 	 {Packt	Publishing},
  year = 	 {2017},
  address = {Birmingham, UK}
}

@Book{khan,
  author = 	 {Salma Khan and Hossein Rahmani and Syed Afaq Ali Shah and Mohammed Bennamoun},
  title = 	 {A Guide to Convolutional Neural Networks for Computer Vision},
  publisher = 	 {Morgan {\&} Claypool},
  year = 	 {2018},
  address = {Austrália}
}

@Book{murphy,
  author = 	 {Kevin P. Murphy},
  title = 	 {Machine Learning: A Probabilistic Perspective},
  publisher = 	 {The MIT Press},
  year = 	 {2012},
  address = {Cambridge, Massachussets}
}

@Book{simon,
  author = 	 {Phil Simon},
  title = 	 {Too Big to ignore},
  publisher = 	 {John Wiley and Sons, Inc.},
  year = 	 {2013},
  address = {Hoboken, New Jersey}
}

@Book{flach,
  author = 	 {Peter Flach},
  title = 	 {Machine Learning: The Art and Science of Algorithms that Make Sense of Data},
  publisher = 	 {Cambridge University Press},
  year = 	 {2012},
  address = {The Edinburgh Building, Cambridge, UK}
}

@Book{rojas,
  author = 	 {Raúl Rojas},
  title = 	 {Neural Networks: A Systematic Introduction},
  publisher = 	 {Springer},
  year = 	 {1996},
  address = {Berlin}
}

@Book{haykin,
  author = 	 {Simon Haykin},
  title = 	 {Neural Networks and Learning Machines},
  publisher = 	 {Pearson},
  year = 	 {2009},
  address = {Hamilton, Ontario, Canada}
}

@Book{arbib,
  editor = 	{Michael A. Arbib},
  title = 	 {The Handbook of Brain Theory and Neural Networks},
  publisher = {The MIT Press},
  year = 	 {2003},
  address = {Cambridge, Massachussets}
}

@Book{braga,
  author = 	{Antônio de Pádua Braga and André Ponce de Leon F. de Carvalho and Teresa Bernarda Ludermir},
  title = 	 {Redes Neurais Artificiais: Teorias e Aplicações},
  publisher = 	 {Livros Técnicos e Científicos Editora S.A.},
  year = 	 {2000},
  address = {Rio de Janeiro, RJ}
}

@Book{fausett,
  author = 	{Laurene Fausett},
  title = 	 {Fundamentals of Neural Networks: Architectures, algorithms and applications},
  publisher = 	 {Pearson},
  year = 	 {1993}
}

@Book{faceli,
  author = 	{Katti Faceli and Ana Carolina Lorena and João Gama and André C. P. L. F. de Carvalho},
  title = 	 {Inteligência Artificial: Uma abordagem de Aprendizado de Máquina},
  publisher = 	 {Livros Técnicos e Científicos Editora S.A.},
  year = 	 {2011},
  address = {Rio de Janeiro, RJ}
}

@Book{kubat,
  author = 	{Miroslav Kubat},
  title = 	 {An Introduction to Machine Learning},
  publisher = 	 {Springer International Publishing},
  year = 	 {2015},
  address = {Coral Gables, FL, USA}
}

@Book{heaton,
  author = 	{Jeff Heaton},
  title = 	 {Artificial Intelligence for Humans: Deep Learning and Neural Networks},
  publisher = 	 {CreateSpace Independent Publishing Platform},
  year = 	 {2015},
  volume = {3},
  address = {Chesterfield, MO, USA}
}

@Book{lathi,
  author = 	{B. P. Lathi},
  title = 	 {Sinais e Sistemas Lineares},
  edition = {2. ed.},
  publisher = 	 {Bookman},
  year = 	 {2008},
}

@Book{sewak,
  author = 	{Mohit Sewak and Md. Rezaul Karim and Pradeep Pujari},
  title = 	 {Practical Convolutional Neural Networks},
  publisher = 	 {Packt Publishing},
  year = 	 {2018},
  address = {Birmingham, UK}
}

@Book{marsland,
  author = 	{Stephen Marsland},
  title = 	 {Machine Learning: An Algorithmic Perspective},
  publisher = 	 {CRC Press},
  year = 	 {2015},
  address = {Boca Raton, FL, US}
}

@Book{brink,
  author = 	{Henrik Brink and Joseph Richards and Mark Fetherolf},
  title = 	 {Real-World Machine Learning},
  publisher = 	 {Manning Publications},
  year = 	 {2016},
  address = {New York, US}
}

@article{mcculloch,
  author={Warren S. McCulloch and Walter H. Pitts},
  title={A Logical Calculus of Ideas Immanent in Nervous Activity},
  year={1943},
  publisher={Bulletin of Mathematical Biophysics},
  volume={5},
  pages={115-133}
}

@article{rosenblatt,
  author={Frank Rosenblatt},
  title={The Perceptron: A probabilistic model for information storage and organization in the brain},
  year={1958},
  publisher={Psychological Review},
  volume={6},
  pages={386},
  number={6}
}

@article{cybenko,
  author={G. Cybenko},
  title={Approximation by Superpositions of a Sigmoidal Function},
  year={1989},
  publisher={Math. Control Signals Systems},
  volume={2},
  pages={303-314}
}

@article{lecun,
  author={Yann LeCun and León Bottou and Yoshua Bengio and Patrick Haffner},
  title={Gradient-Based Learning Applied to Document Recognition},
  year={1998},
  publisher={Proceedings of the IEEE}
}

@article{alexnet,
  author={Alex Krizhevsky and Ilya Sutskever and Geoffre E. Hinton},
  title={ImageNet Classification with Deep Convolutional Neural Networks},
  year={2012},
  publisher={Advances in neural information processing systems},
  address={Toronto, Ontario, Canada}
}

@article{squeezenet,
  author={Forrest N. Iandola and Song Han and Matthew W. Moskewicz and Khalid Ashraf and William J. Dally and Kurt Keutzer},
  title={SqueezeNet: AlexNet-level accuracy with 50x fewer parameters and {\textless}50MB model size},
  year={2016},
  journal={CoRR}
}

@article{mobilenet,
  author={Andrew G. Howard and
               Menglong Zhu and
               Bo Chen and
               Dmitry Kalenichenko and
               Weijun Wang and
               Tobias Weyand and
               Marco Andreetto and
               Hartwig Adam},
  title={MobileNets: Efficient Convolutional Neural Networks for Mobile Vision
               Applications},
  year={2017},
  journal={CoRR}
}

@article{relu,
  author={Dabal Pedamonti},
  title={Comparison of non-linear activation functions for deep neural networks on
{MNIST} classification task},
  year={2018},
  journal={CoRR}
}

@article{kalchbrenner,
  author={Nal Kalchbrenner and Edward Grefenstette and Phil Blunsom},
  title={A Convolutional Neural Network for Modelling Sentences},
  year={2014},
  publisher={Association for Computational Linguistics},
  pages={655-665}
}

@article{cha,
  author={Kenny H. Cha and Lubomir Hadjiisk and Ravi K. Samala and Heang-Ping Chan and Elaine M. Caolli and Richard H. Cohan},
  title={Urinary bladder segmentation in CT urography using deep‐learning convolutional neural network and level sets},
  year={2016},
  publisher={Medical Physics}
}

@article{russakovsky,
  author={Olga Russakovsky and Jia Deng and Hao Su and Jonathan Krause and Sanjeev Staheesh and Sean Ma and Zhiheng Huang and Andrej Karpathy and Aditya Khosla and Michael Bernstein and Alexander C. Berg and Li Fei-Fei},
  title={ImageNet Large Scale Visual Recognition Challenge},
  year={2015},
  publisher={International Journal of Computer Vision (IJCV)},
  volume={115},
  number={3},
  pages={115-133}
}

@article{nicoli-tcc,
  author={Nicoli Pinheiro de Araujo},
  year={2018},
  title={Estimação Inteligente de Idade utilizando Deep Learning},
  publisher={Trabalho de Conclusão de Curso da Universidade do Estado do Amazonas},
  address = {Universidade do Estado do Amazonas, Manaus, BR}
}

@article{janderson-tcc,
  author={Janderson do Nascimento Lira},
  year={2018},
  title={Detecção de Armas de Fogo Imersas em Contextos Utilizando Redes Neurais Convolucionais},
  publisher={Trabalho de Conclusão de Curso da Universidade do Estado do Amazonas},
  address = {Universidade do Estado do Amazonas, Manaus, BR}
}

@article{sergio-tcc,
  author={Sérgio Alexandre Arruda Pinheiro},
  year={2018},
  title={Redes Neurais Convolucionais aplicadas ao reconhecimento automático de \emph{captchas}},
  publisher={Trabalho de Conclusão de Curso da Universidade do Estado do Amazonas},
  address = {Universidade do Estado do Amazonas, Manaus, BR}
}

@article{lira,
  author={Janderson Lira and Marcos Wenneton and Matheus Soares and Nicoli Araújo and Rodrigo Moraes and Elloá B. Guedes},
  title={Classificação de atividades humanas com Redes Neurais Artificiais com Processamento Temporal},
  year={2017},
  publisher={IV Escola Regional de Informática},
  address = {Universidade do Estado do Amazonas, Manaus, BR}

}

@article{pathak,
  author={Ajeet Ram Pathak and Majusha Pandey and Siddharth Rautaray},
  year={2018},
  title={Application of Deep Learning for Object Detection},
  publisher={Procedia Computer Science},
  volume={132},
  pages={1706-1717},
  address={School of Computer Engineering, Kalinga Institute of Industrial Technology (KIIT) University, Bhubaneswar, India}
}

@article{simonyan,
  author={Karen Simonyan and Andrew Zisserman},
  year={2015},
  title={Very Deep Convolutional Networks for Larg-Scale Image Recognition},
  address={Visual Geometry Group, Department of Engineering Science, University of Oxford},
  publisher={ICLR 2015}
}


@inproceedings{souza2009,
  author={Carlos F. S. Souza and Carlos E. P. Pantoja and Francisco C. M. Souza},
  year={2009},
  title={Verificação de Assinaturas Offline Utilizando \emph{Dynamic Time Wrapping}},
  address={Ouro Preto, MG, Brasil},
  booktitle={Anais do IX Congresso Brasileiro de Redes Neurais (IX CBRN)},
  publisher = {{Sociedade Brasileira de Redes Neurais}}
}

@inproceedings{icdar2009,
  author={V. L. Blankers and C. E. van den Heuvel and K. Y. Franke and L. G. Vuurpijl},
  year={2009},
  title={The ICDAR 2009 Signature Verification Competition},
  address={Barcelona, Catalonia, Spain},
  booktitle={10th International Conference on Document Analysis and Recognition},
  pages= {1403-1407},
  publisher = {{IEEE}}
}

@mastersthesis{kholmatov,
  author       = {Alisher Anatolyevich Kholmatov},
  title        = {Biometric Identity Verification Using On-Line \& Off-Line Signature Verification},
  school       = {Graduate School of Engineering and Natural Sciences, Sabanci University},
  year         = {2003},
  address      = {Istambul, Turquia}
}

@misc{imagenet,
  title = {ImageNet},
  howpublished = {Disponível em: \url{http://www.image-net.org/}},
  year={2019},
  note = {Acesso em 19 de março de 2019}
}

@misc{iapr-tc11,
  title = {IAPR TC11 - ICDAR 2009 Signature Verification Competition (SigComp2009)},
  author = {Marcus Liwicki},
  howpublished = {Disponível em: \url{http://www.iapr-tc11.org/mediawiki/index.php?title=IAPR-TC11:Reading_Systems}},
  year={2012},
  note = {Acesso em 5 de março de 2019}
}

@misc{dsacademy,
  author={Data Science Academy},
  title = {Deep Learning Book},
  year = {2019},
  howpublished = {Disponível em \url{http://deeplearningbook.com.br/}},
  note = {Acesso em 8 de março de 2019}
}

@monography{heinen2002,
  address={São Leopoldo},
  author={Milton Roberto Heinen},
  pages={92},
  pagename={f.},
  school={Centro de Ciências Exatas e Tecnológicas, Universidade do Vale do Rio dos Sinos},
  title={Autenticação On-line de assinaturas utilizando Redes Neurais},
  type={Bacharel em Informática},
  year={2002}
}

@article{heinen2004,
  author={Milton Roberto Heinen and Fernando Santos Osório},
  year={2004},
  title={Biometria Comportamental: Pesquisa e Desenvolvimento de um sistema de autenticação de usuários utilizando assinaturas manuscritas},
  address={Lavras, MG, Brasil},
  publisher={Infocomp Revista de Ciência da Computação},
  volume= {3},
  fascicle={2},
  pages={31-37}
}


@inproceedings{Costa:Biometria,
  title={Introdu{\c{c}}{\~a}o {\'a} {B}iometria},
  author={ Luciano R. Costa and Rafael R. Obelheiro and Joni S. Fraga},
  booktitle={Minicursos do VI Simp{\'o}sio Brasileiro de Seguran{\c{c}}a da Informa{\c{c}}{\~a}o e de Sistemas Computacionais (SBSeg2006)},
  publisher = {SBC},
  address = {Porto Alegre},
  volume={1},
  pages={103--151},
  year={2006}
}

@misc{pillow,
  author={PIL},
  title = {Pillow},
  year = {2019},
  howpublished = {Disponível em \url{https://pillow.readthedocs.io/en/stable/}},
  note = {Acesso em 3 de maio de 2019}
}

@misc{os,
  author={OS},
  title = {os},
  year = {2019},
  howpublished = {Disponível em \url{https://docs.python.org/3/library/os.html}},
  note = {Acesso em 3 de maio de 2019}
}

@misc{glob,
  author={glob},
  title = {glob},
  year = {2019},
  howpublished = {Disponível em \url{https://docs.python.org/3/library/glob.html}},
  note = {Acesso em 3 de maio de 2019}
}

@misc{keras,
  author={Keras},
  title = {Keras},
  year = {2019},
  howpublished = {Disponível em \url{https://keras.io/}},
  note = {Acesso em 3 de maio de 2019}
}

@misc{tensorflow,
  author={Tensorflow},
  title = {Tensorflow},
  year = {2019},
  howpublished = {Disponível em \url{https://www.tensorflow.org/}},
  note = {Acesso em 3 de maio de 2019}
}

@misc{sklearn,
  author={scikit-learn},
  title = {scikit-learn},
  year = {2019},
  howpublished = {Disponível em \url{https://scikit-learn.org/stable/}},
  note = {Acesso em 3 de maio de 2019}
}

@misc{numpy,
  author={NumFocus},
  title = {numpy},
  year = {2019},
  howpublished = {Disponível em \url{https://www.numpy.org/}},
  note = {Acesso em 3 de maio de 2019}
}

@misc{matplotlib,
  author={NumFocus},
  title = {matplotlib},
  year = {2019},
  howpublished = {Disponível em \url{https://matplotlib.org/}},
  note = {Acesso em 3 de maio de 2019}
}

@misc{seaborn,
  author={Michael Waskom},
  title = {seaborn: statistical data visualization},
  year = {2019},
  howpublished = {Disponível em \url{https://seaborn.pydata.org/}},
  note = {Acesso em 11 de junho de 2019}
}

@misc{kaggle,
  author={kaggle},
  title = {Kaggle Kernels},
  year = {2019},
  howpublished = {Disponível em \url{https://www.kaggle.com/docs/kernels}},
  note = {Acesso em 3 de maio de 2019}
}

@MISC{reluDying,
author = {Lu Lu and Yeonjong Shin and Yanhui Su and George Em Karniadakis},
title = {Dying {ReLU} and Initialization: Theory and Numerical Examples},
year = {2019},
howpublished = {Disponível em \url{https://arxiv.org/abs/1903.06733}.},
note = {Acesso em 17 de maio de 2019.}}

@MISC{vgg16,
author = {Karen Simonyan and Andrew Zisserman},
title = {Very Deep Convolutional Networks for Large-Scale Image Recognition},
year = {2015},
howpublished = {Disponível em \url{https://arxiv.org/abs/1409.1556}.},
note = {Acesso em 21 de maio de 2019.}}

@MISC{inception,
author    = {Christian Szegedy and
              Wei Liu and
               Yangqing Jia and
               Pierre Sermanet and
               Scott E. Reed and
               Dragomir Anguelov and
               Dumitru Erhan and
               Vincent Vanhoucke and
               Andrew Rabinovich},
title = {Going deeper with convolutions},
year = {2014},
howpublished = {Disponível em \url{http://arxiv.org/abs/1409.4842}.},
note = {Acesso em 23 de maio de 2019.}}

@MISC{adam,
author = {Diederik P. Kingma and Jimmy Ba},
title = {Adam: A Method for Stochastic Optimization},
year = {2014},
howpublished = {Disponível em \url{https://arxiv.org/abs/1412.6980}.},
note = {Acesso em 23 de maio de 2019.}}

@MISC{rmsprop,
author = {Geoffrey Hinton and Nitish Srivastava and Kevin Swersky},
title = {Lecture 6.5-rmsprop: Divide the gradient by a running average of its recent magnitude.},
year = {2012},
publisher={COURSERA: Neural Networks for Machine Learning},
howpublished = {Disponível em \url{https://www.cs.toronto.edu/~tijmen/csc321/slides/lecture_slides_lec6.pdf}.},
note = {Acesso em 23 de maio de 2019.}}

@inproceedings{capsi,
  author={Paulo Sérgio Magalhães and Henrique Dinis Santos},
  year={2003},
  title={Biometria e Autenticação},
  address={Universidade do Minho, Guimarães, Portugal},
  booktitle={4a Conferência da Associação Portuguesa de Sistemas de Informação},
  publisher = {Associação Portuguesa de Sistemas de Informação},
  ISBN = {97 2-9354-42-1}
}

@Book{volker,
  editor = 	{Margner Volker and Pal Umapada and Antonacopoulos Apostolos},
  title = 	 {Document Analysis And Text Recognition: Benchmarking State-of-the-art Systems},
  publisher = 	 {World Scientific},
  address = {Estados Unidos},
  year = 	 {2018}
}

@INPROCEEDINGs{ribeiro2011,
  author={Bernardete Ribeiro and Ivo Gonçalves and Sérgio Santos and Alexander Kovacec},
  year={2011},
  title={Deep Learning Networks for Off-Line Handwritten Signature Recognition},
  booktitle = {Proceedings of the 16th Iberoamerican Congress on Pattern Recognition ({CIARP})},
  address={Berlin, Germany},
  publisher={Springer},
  pages={523-532}
}

@article{hafemann2016,
  author={Luiz G. Hafemann and Robert Sabourin and Luiz S. Oliveira},
  year={2017},
  title={Learning Features for Offline Handwritten Signature Verification using Deep Convolutional Neural Networks},
  journal={Pattern Recognition},
  url={http://www.sciencedirect.com/science/article/pii/S0031320317302017},
  note={Acesso em 10 de junho de 2019},
  pages={163-176}
}

@InProceedings{Wirtz,
  author="Brigitte Wirtz",
  editor="Chin, Roland
  and Pong, Ting-Chuen",
  title="Technical evaluation of biometric systems",
  booktitle="Computer Vision --- ACCV'98",
  year="1997",
  publisher="Springer Berlin Heidelberg",
  address="Berlin, Heidelberg",
  pages="499--506",
  isbn="978-3-540-69669-8"
}

@MastersThesis{Simao,
    author     =     {Pedro André Rodrigues Simão},
    advisor = {José Alberto Gouveia Fonseca},
    title     =     {{Controlo de assiduidade com multiposto e comunicações wireless}},
    school     =     {Universidade de Aveiro},
    address     =     {Portugal},
    year     =     {2008},
}

@article{shufflenet,
  author    = {Xiangyu Zhang and
               Xinyu Zhou and
               Mengxiao Lin and
               Jian Sun},
  title     = {ShuffleNet: An Extremely Efficient Convolutional Neural Network for
               Mobile Devices},
  journal   = {CoRR},
  volume    = {abs/1707.01083},
  year      = {2017},
  url       = {http://arxiv.org/abs/1707.01083},
  archivePrefix = {arXiv},
  eprint    = {1707.01083},
  timestamp = {Thu, 14 Mar 2019 14:56:07 +0100},
  biburl    = {https://dblp.org/rec/bib/journals/corr/ZhangZLS17},
  bibsource = {dblp computer science bibliography, https://dblp.org}
}

@article{EffNet,
  author    = {Ido Freeman and
               Lutz Roese{-}Koerner and
               Anton Kummert},
  title     = {EffNet: An Efficient Structure for Convolutional Neural Networks},
  journal   = {CoRR},
  volume    = {abs/1801.06434},
  year      = {2018},
  url       = {http://arxiv.org/abs/1801.06434},
  archivePrefix = {arXiv},
  eprint    = {1801.06434},
  timestamp = {Mon, 13 Aug 2018 16:48:16 +0200},
  biburl    = {https://dblp.org/rec/bib/journals/corr/abs-1801-06434},
  bibsource = {dblp computer science bibliography, https://dblp.org}
}